<record><leader>00000cas a2200000 a 4500</leader><controlfield tag="001">3929958</controlfield><controlfield tag="008">780526c19539999utuwr ne      0   a0eng d</controlfield><datafield ind1=" " ind2=" " tag="010"><subfield code="a">sn 78004954 </subfield></datafield><datafield ind1=" " ind2=" " tag="040"><subfield code="a">COO</subfield><subfield code="b">eng</subfield><subfield code="c">COO</subfield><subfield code="d">NSD</subfield><subfield code="d">UNP</subfield><subfield code="d">NSD</subfield><subfield code="d">OCL</subfield><subfield code="d">UBY</subfield><subfield code="d">OCLCQ</subfield><subfield code="d">OCLCF</subfield><subfield code="d">OCLCO</subfield></datafield><datafield ind1=" " ind2=" " tag="012"><subfield code="j">0</subfield><subfield code="k">1</subfield><subfield code="l">1</subfield><subfield code="m">1</subfield></datafield><datafield ind1="1" ind2=" " tag="022"><subfield code="a">0049-1659</subfield><subfield code="l">0049-1659</subfield><subfield code="2">1</subfield></datafield><datafield ind1="1" ind2=" " tag="029"><subfield code="a">AU@</subfield><subfield code="b">000022102911</subfield></datafield><datafield ind1=" " ind2=" " tag="032"><subfield code="a">507060</subfield><subfield code="b">USPS</subfield></datafield><datafield ind1=" " ind2=" " tag="042"><subfield code="a">nsdp</subfield></datafield><datafield ind1=" " ind2="0" tag="222"><subfield code="a">Southern Utah news</subfield></datafield><datafield ind1="0" ind2="0" tag="245"><subfield code="a">Southern Utah news.</subfield></datafield><datafield ind1=" " ind2=" " tag="260"><subfield code="a">Kanab, Utah :</subfield><subfield code="b">E.G. Brown,</subfield><subfield code="c">1953-</subfield></datafield><datafield ind1=" " ind2=" " tag="300"><subfield code="a">v. :</subfield><subfield code="b">ill. ;</subfield><subfield code="c">58 cm.</subfield></datafield><datafield ind1=" " ind2=" " tag="310"><subfield code="a">Weekly</subfield></datafield><datafield ind1="0" ind2=" " tag="362"><subfield code="a">Vol. 22, no. 2 (Nov. 5, 1953)-</subfield></datafield><datafield ind1=" " ind2=" " tag="500"><subfield code="a">"Serving South-Central Utah and North-Central Arizona."</subfield></datafield><datafield ind1=" " ind2=" " tag="525"><subfield code="a">Supplements accompany some issues.</subfield></datafield><datafield ind1=" " ind2=" " tag="525"><subfield code="a">Farm, ranch, and garden supplement issued each Spring, &lt;1961-1965&gt;, &lt;1973-1978&gt;.</subfield></datafield><datafield ind1=" " ind2="0" tag="651"><subfield code="a">Kanab (Utah)</subfield><subfield code="v">Newspapers.</subfield></datafield><datafield ind1=" " ind2="0" tag="651"><subfield code="a">Kane County (Utah)</subfield><subfield code="v">Newspapers.</subfield></datafield><datafield ind1=" " ind2="7" tag="655"><subfield code="a">Newspapers.</subfield><subfield code="2">fast</subfield><subfield code="0">(OCoLC)fst01423814</subfield></datafield><datafield ind1=" " ind2="7" tag="651"><subfield code="a">Utah</subfield><subfield code="z">Kanab.</subfield><subfield code="2">fast</subfield><subfield code="0">(OCoLC)fst01226772</subfield></datafield><datafield ind1=" " ind2="7" tag="651"><subfield code="a">Utah</subfield><subfield code="z">Kane County.</subfield><subfield code="2">fast</subfield><subfield code="0">(OCoLC)fst01218229</subfield></datafield><datafield ind1=" " ind2=" " tag="752"><subfield code="a">United States</subfield><subfield code="b">Utah</subfield><subfield code="c">Kane</subfield><subfield code="d">Kanab.</subfield></datafield><datafield ind1="0" ind2="0" tag="780"><subfield code="t">Kane County standard</subfield><subfield code="w">(DLC)sn 85058265</subfield><subfield code="w">(OCoLC)12603934</subfield></datafield><datafield ind1=" " ind2=" " tag="936"><subfield code="a">INC</subfield><subfield code="a">July 27, 1978</subfield></datafield></record>